@book{elo1978rating,
  title={The Rating of Chessplayers, Past and Present},
  author={Elo, Arpad E},
  year={1978},
  publisher={Arco Publishing},
  address={New York}
}
